@article{quadrature1,
 author = {Ølgaard, Kristian B. and Wells, Garth N.},
 title = {Optimizations for quadrature representations of finite element tensors through automated code generation},
 journal = {ACM Trans. Math. Softw.},
 issue_date = {January 2010},
 volume = {37},
 number = {1},
 month = jan,
 year = {2010},
 issn = {0098-3500},
 pages = {8:1--8:23},
 articleno = {8},
 numpages = {23},
 url = {http://doi.acm.org/10.1145/1644001.1644009},
 doi = {10.1145/1644001.1644009},
 acmid = {1644009},
 publisher = {ACM},
 address = {New York, NY, USA},
 keywords = {Finite element method, code generation}
} 

@article{TCE,
author = {Hartono, Albert and Lu, Qingda and Henretty, Thomas and Krishnamoorthy, Sriram and Zhang, Huaijian and Baumgartner, Gerald and Bernholdt, David E. and Nooijen, Marcel and Pitzer, Russell and Ramanujam, J. and Sadayappan, P.},
title = {Performance Optimization of Tensor Contraction Expressions for Many-Body Methods in Quantum Chemistry†},
journal = {The Journal of Physical Chemistry A},
volume = {113},
number = {45},
pages = {12715-12723},
year = {2009},
doi = {10.1021/jp9051215},
note ={PMID: 19888780},

URL = {http://pubs.acs.org/doi/abs/10.1021/jp9051215},
eprint = {http://pubs.acs.org/doi/pdf/10.1021/jp9051215}
}


@inproceedings{pyop2isc,
  title = {Performance portable finite element assembly using {PyOP2} and
{FEniCS}},
  author = {G.~R. Markall and F. Rathgeber and L. Mitchell and N. Loriant and
C. Bertolli and D.~A. Ham and P.~H.~J.~ Kelly},
  booktitle = {Proceedings of the International Supercomputing Conference (ISC) '13},
  volume = {7905},
  series = {Lecture Notes in Computer Science},
  month = {June},
  year = {2013},
  note = {In press}
}

@manual{IACA,
	author = {{Intel Corporation}},
  title = {Intel architecture code analyzer (IACA)},
  note = {[Online]. Available: http://software.intel.com/en-us/articles/intel-architecture-code-analyzer/},
  year = {2012}, 
}

@unpublished{IstvanHydra,
title = {Acceleration of a Full-scale Industrial CFD Application with OP2},
author = {Istvan Z. Reguly and Gihan R. Mudalige and Carlo Bertolli and Michael B. Giles and Adam Betts and Paul H. J. Kelly and David Radford},
month = {March},
year = {2014},
note = {http://arxiv.org/abs/1403.7209v1}
}

@incollection{carlolcpc,
year={2013},
isbn={978-3-642-37657-3},
booktitle={Languages and Compilers for Parallel Computing},
volume={7760},
series={Lecture Notes in Computer Science},
editor={Kasahara, Hironori and Kimura, Keiji},
doi={10.1007/978-3-642-37658-0_8},
title={Compiler Optimizations for Industrial Unstructured Mesh CFD Applications on GPUs},
url={http://dx.doi.org/10.1007/978-3-642-37658-0_8},
publisher={Springer Berlin Heidelberg},
keywords={Computational Fluid Dynamics; Unstructured Meshes; Graphical Processing Units; Compilers},
author={Bertolli, C. and Betts, A. and Loriant, N. and Mudalige, G.R. and Radford, D. and Ham, D.A. and Giles, M.B. and Kelly, P.H.J.},
pages={112-126},
language={English}
}


@inproceedings{pyop2ws,
	title = {{PyOP2:} A High-Level Framework for Performance-Portable Simulations on Unstructured Meshes},
	isbn = {978-1-4673-6218-4},
	shorttitle = {{PyOP2}},
	doi = {10.1109/SC.Companion.2012.134},
	booktitle = {High Performance Computing, Networking, Storage and Analysis ({SCC)}, 2012 {SC} Companion:},
	author = {Rathgeber, Florian and Markall, Graham R. and Mitchell, Lawrence and Loriant, Nicolas and Ham, David A. and Bertolli, Carlo and Kelly, Paul {H.J.}},
	year = {2012},
	keywords = {code generation, domain-specific languages, finite-element methods, generative metaprogramming, high-level frameworks, just-in-time compilation, performance portability},
	pages = {1116--1123}
}

@INPROCEEDINGS{Spampinato:14,
AUTHOR = {Daniele G. Spampinato and Markus P{\"u}schel},
TITLE = {A Basic Linear Algebra Compiler},
BOOKTITLE = {International Symposium on Code Generation and Optimization (CGO)},
YEAR = {2014}
}

@ARTICLE{Pueschel:05,
AUTHOR = {Markus P{\"u}schel and Jos{\'e} M. F. Moura and Jeremy Johnson and David Padua and Manuela Veloso and Bryan Singer and Jianxin Xiong and Franz Franchetti and Aca Gacic and Yevgen Voronenko and Kang Chen and Robert W. Johnson and Nicholas Rizzolo},
TITLE = {{SPIRAL}: Code Generation for {DSP} Transforms},
JOURNAL = {Proceedings of the IEEE, special issue on ``Program Generation, Optimization, and Adaptation''},
VOLUME = {93},
NUMBER = {2},
PAGES = {232-- 275},
YEAR = {2005}
}

@article{assembly-opencl,
 author = {Kruel, Filip and Bana, Krzysztof},
 title = {Vectorized OpenCL Implementation of Numerical Integration for Higher Order Finite Elements},
 journal = {Comput. Math. Appl.},
 issue_date = {December, 2013},
 volume = {66},
 number = {10},
 month = dec,
 year = {2013},
 issn = {0898-1221},
 pages = {2030--2044},
 numpages = {15},
 url = {http://dx.doi.org/10.1016/j.camwa.2013.08.026},
 doi = {10.1016/j.camwa.2013.08.026},
 acmid = {2542945},
 publisher = {Pergamon Press, Inc.},
 address = {Tarrytown, NY, USA},
 keywords = {Finite elements, Higher order approximation, Numerical integration, OpenCL, PowerXCell processor, Vectorization},
} 

@article{Kirby-FEM-opt,
 author = {Kirby, Robert C. and Knepley, Matthew and Logg, Anders and Scott, L. Ridgway},
 title = {Optimizing the Evaluation of Finite Element Matrices},
 journal = {SIAM J. Sci. Comput.},
 issue_date = {2005},
 volume = {27},
 number = {3},
 month = oct,
 year = {2005},
 issn = {1064-8275},
 pages = {741--758},
 numpages = {18},
 url = {http://dx.doi.org/10.1137/040607824},
 doi = {10.1137/040607824},
 acmid = {1103487},
 publisher = {Society for Industrial and Applied Mathematics},
 address = {Philadelphia, PA, USA},
 keywords = {compiler, finite element, variational form},
} 

@article{petsc-integration-gpu,
 author = {Knepley, Matthew G. and Terrel, Andy R.},
 title = {Finite Element Integration on GPUs},
 journal = {ACM Trans. Math. Softw.},
 issue_date = {February 2013},
 volume = {39},
 number = {2},
 month = feb,
 year = {2013},
 issn = {0098-3500},
 pages = {10:1--10:13},
 articleno = {10},
 numpages = {13},
 url = {http://doi.acm.org/10.1145/2427023.2427027},
 doi = {10.1145/2427023.2427027},
 acmid = {2427027},
 publisher = {ACM},
 address = {New York, NY, USA},
 keywords = {Finite element integration, GPGPUs},
} 

@article{Markall20101815,
title = "Towards generating optimised finite element solvers for {GPUs} from high-level specifications",
journal = "Procedia Computer Science ",
volume = "1",
number = "1",
pages = "1815 - 1823",
year = "2010",
note = "{ICCS} 2010 ",
issn = "1877-0509",
doi = "http://dx.doi.org/10.1016/j.procs.2010.04.203",
url = "http://www.sciencedirect.com/science/article/pii/S1877050910002048",
author = "Graham R. Markall and David A. Ham and Paul H.J. Kelly",
keywords = "Finite element method",
keywords = "\{GPU\} "
}

@inproceedings{SLP,
 author = {Larsen, Samuel and Amarasinghe, Saman},
 title = {Exploiting Superword Level Parallelism with Multimedia Instruction Sets},
 booktitle = {Proceedings of the ACM SIGPLAN 2000 Conference on Programming Language Design and Implementation},
 series = {PLDI '00},
 year = {2000},
 isbn = {1-58113-199-2},
 location = {Vancouver, British Columbia, Canada},
 pages = {145--156},
 numpages = {12},
 url = {http://doi.acm.org/10.1145/349299.349320},
 doi = {10.1145/349299.349320},
 acmid = {349320},
 publisher = {ACM},
 address = {New York, NY, USA},
} 

@article{FFC-Compiler,
 author = {Kirby, Robert C. and Logg, Anders},
 title = {A Compiler for Variational Forms},
 journal = {ACM Trans. Math. Softw.},
 issue_date = {September 2006},
 volume = {32},
 number = {3},
 month = sep,
 year = {2006},
 issn = {0098-3500},
 pages = {417--444},
 numpages = {28},
 url = {http://doi.acm.org/10.1145/1163641.1163644},
 doi = {10.1145/1163641.1163644},
 acmid = {1163644},
 publisher = {ACM},
 address = {New York, NY, USA},
 keywords = {Variational form, automation, compiler, finite element},
} 

@inproceedings{inter-kernel-vect,
 author = {Reguly, I. Z. and L\'{a}szl\'{o}, E. and Mudalige, G. R. and Giles, M. B.},
 title = {Vectorizing Unstructured Mesh Computations for Many-core Architectures},
 booktitle = {Proceedings of Programming Models and Applications on Multicores and Manycores},
 series = {PMAM'14},
 year = {2007},
 isbn = {978-1-4503-2657-5},
 location = {Orlando, FL, USA},
 pages = {39:39--39:50},
 articleno = {39},
 numpages = {12},
 url = {http://doi.acm.org/10.1145/2560683.2560686},
 doi = {10.1145/2560683.2560686},
 acmid = {2560686},
 publisher = {ACM},
 address = {New York, NY, USA},
 keywords = {AVX, CUDA, Domain Specific Library, OP2, Unstructured Grid, Vectorization, Xeon Phi},
} 

@inproceedings{nek5000,
 author = {Shin, Jaewook and Hall, Mary W. and Chame, Jacqueline and Chen, Chun and Fischer, Paul F. and Hovland, Paul D.},
 title = {Speeding Up Nek5000 with Autotuning and Specialization},
 booktitle = {Proceedings of the 24th ACM International Conference on Supercomputing},
 series = {ICS '10},
 year = {2010},
 isbn = {978-1-4503-0018-6},
 location = {Tsukuba, Ibaraki, Japan},
 pages = {253--262},
 numpages = {10},
 url = {http://doi.acm.org/10.1145/1810085.1810120},
 doi = {10.1145/1810085.1810120},
 acmid = {1810120},
 publisher = {ACM},
 address = {New York, NY, USA},
 keywords = {autotuning, empirical performance tuning, specialization},
} 

@MANUAL{fluidity_manual_v4,
 author = {AMCG},
 title = {Fluidity Manual},
 organization = {Applied Modelling and Computation Group},
 address = {Department of Earth Science and Engineering, South Kensington Campus, Imperial College London, London, SW7 2AZ, UK},
 edition = {Version 4.0-release},
 month = {November},
 year = {2010},
 note = "available at \url{http://hdl.handle.net/10044/1/7086 }"
}

@article{SPENCER,
 author = {Vos, Peter E. J. and Sherwin, Spencer J. and Kirby, Robert M.},
 title = {From H to P Efficiently: Implementing Finite and Spectral/Hp Element Methods to Achieve Optimal Performance for Low- and High-order Discretisations},
 journal = {J. Comput. Phys.},
 issue_date = {July, 2010},
 volume = {229},
 number = {13},
 month = jul,
 year = {2010},
 issn = {0021-9991},
 pages = {5161--5181},
 numpages = {21},
 url = {http://dx.doi.org/10.1016/j.jcp.2010.03.031},
 doi = {10.1016/j.jcp.2010.03.031},
 acmid = {1787099},
 publisher = {Academic Press Professional, Inc.},
 address = {San Diego, CA, USA},
 keywords = {Elliptic problems, Implementation, Spectral/hp element method},
} 

@Article{Francis,
  author =       "Francis P. Russell and Paul H. J. Kelly",
  title =        "Optimized Code Generation for Finite Element
                  Local Assembly Using Symbolic Manipulation",
  year = "2013",
  journal =      "{ACM} Transactions on Mathematical Software",
  volume =       "39",
  number =       "4",
  accepted =     "28 February 2013",
  upcoming =     "true", 
}

@article{FEM3,
   title={PyOP2: A High-Level Framework for Performance Portable Simulations on Unstructured Meshes},
   author={Florian Rathgeber},
   year={2012}
}

@book{Fenics,
  title = {Automated Solution of Differential Equations by the Finite Element Method},
  author = {Anders Logg and Kent-Andre Mardal and Garth N. Wells and others},
  year = {2012},
  publisher = {Springer},
  doi = {10.1007/978-3-642-23099-8},
  isbn = {978-3-642-23098-1}
}

@ARTICLE{ufl,
  title = {{U}nified {F}orm {L}anguage: {A} domain-specific language
              for weak formulations of partial differential equations},
  author = {M. S. Aln{\ae}s and A. Logg and K. B. {\O}lgaard
              and M. E. Rognes and G. N. Wells},
  year = {2014},
  journal = {ACM Trans Math Software},
  volume = {40},
  number = {2},
  pages = {9:1--9:37},
  articleno = {9},
  num[ages = {37},
  arxiv = {1211.4047},
  doi = {10.1145/2566630},
  url = {http://dx.doi.org/10.1145/2566630},
}


@article{OP2Tiling,
   title={An Analytical Study of Loop Tiling for a Large-scale Unstructured Mesh Application},
   author={Mike B. Giles, Gihan R. Mudalige, Carlo Bertolli and Paul H.J. Kelly},
   year={2012}
}

@misc{firedrake-code,
  author = {{Firedrake contributors}},
  title = {{The Firedrake Project}},
  howpublished = "\url{http://www.firedrakeproject.org}",
  year = {2014}, 
}

@misc{ufl-code,
  author = {Fabio Luporini},
  title = {{Helmholtz, Advection-Diffusion, and Burgers UFL code}},
  howpublished = "\url{https://github.com/firedrakeproject/firedrake/tree/pyop2-ir-perf-eval/tests/perf-eval}",
  year = {2014}, 
}

@misc{elasticity-code,
  author = {Fabio Luporini},
  title = {{Static linear elasticity code}},
  howpublished = "\url{https://github.com/firedrakeproject/firedrake-bench/tree/experiments/elasticity}",
  year = {2014}, 
}


@inproceedings{PLUTO,
 author = {Bondhugula, Uday and Hartono, Albert and Ramanujam, J. and Sadayappan, P.},
 title = {A Practical Automatic Polyhedral Parallelizer and Locality Optimizer},
 booktitle = {Proceedings of the 2008 ACM SIGPLAN Conference on Programming Language Design and Implementation},
 series = {PLDI '08},
 year = {2008},
 isbn = {978-1-59593-860-2},
 location = {Tucson, AZ, USA},
 pages = {101--113},
 numpages = {13},
 url = {http://doi.acm.org/10.1145/1375581.1375595},
 doi = {10.1145/1375581.1375595},
 acmid = {1375595},
 publisher = {ACM},
 address = {New York, NY, USA},
 keywords = {affine transformations, automatic parallelization, locality optimization, loop transformations, polyhedral model, tiling},
} 

@Misc{nek5000-web-page,
  Author = "Paul F. Fischer, James W. Lottes and Stefan G. Kerkemeier",
  Title  = "{nek5000} {W}eb page",
  Note   = "http://nek5000.mcs.anl.gov",
  Year   = "2008"}

@article{FFC-TC,
 author = {Kirby, Robert C. and Logg, Anders},
 title = {A Compiler for Variational Forms},
 journal = {ACM Trans. Math. Softw.},
 issue_date = {September 2006},
 volume = {32},
 number = {3},
 month = sep,
 year = {2006},
 issn = {0098-3500},
 pages = {417--444},
 numpages = {28},
 url = {http://doi.acm.org/10.1145/1163641.1163644},
 doi = {10.1145/1163641.1163644},
 acmid = {1163644},
 publisher = {ACM},
 address = {New York, NY, USA},
 keywords = {Variational form, automation, compiler, finite element},
} 

@inproceedings{pochoir,
 author = {Tang, Yuan and Chowdhury, Rezaul Alam and Kuszmaul, Bradley C. and Luk, Chi-Keung and Leiserson, Charles E.},
 title = {The Pochoir Stencil Compiler},
 booktitle = {Proceedings of the Twenty-third Annual ACM Symposium on Parallelism in Algorithms and Architectures},
 series = {SPAA '11},
 year = {2011},
 isbn = {978-1-4503-0743-7},
 location = {San Jose, California, USA},
 pages = {117--128},
 numpages = {12},
 url = {http://doi.acm.org/10.1145/1989493.1989508},
 doi = {10.1145/1989493.1989508},
 acmid = {1989508},
 publisher = {ACM},
 address = {New York, NY, USA},
 keywords = {C++, cache-oblivious algorithm, cilk, compiler, embedded domain-specific language, multicore, parallel computation, stencil computation, trapezoidal decomposition},
} 

@inproceedings{ATLAS,
 author = {Whaley, R. Clint and Dongarra, Jack J.},
 title = {Automatically Tuned Linear Algebra Software},
 booktitle = {Proceedings of the 1998 ACM/IEEE Conference on Supercomputing},
 series = {Supercomputing '98},
 year = {1998},
 isbn = {0-89791-984-X},
 location = {San Jose, CA},
 pages = {1--27},
 numpages = {27},
 url = {http://dl.acm.org/citation.cfm?id=509058.509096},
 acmid = {509096},
 publisher = {IEEE Computer Society},
 address = {Washington, DC, USA},
 keywords = {BLAS, code generation, high performance, linear algebra, optimization, tuning},
} 

@INPROCEEDINGS{FFTW,
    author = {Matteo Frigo and Steven G. Johnson},
    title = {The design and implementation of FFTW3},
    booktitle = {Proceedings of the IEEE},
    year = {2005},
    pages = {216--231}
}

@inproceedings{stencil-compiler,
 author = {Henretty, Tom and Veras, Richard and Franchetti, Franz and Pouchet, Louis-No\"{e}l and Ramanujam, J. and Sadayappan, P.},
 title = {A Stencil Compiler for Short-vector SIMD Architectures},
 booktitle = {Proceedings of the 27th International ACM Conference on International Conference on Supercomputing},
 series = {ICS '13},
 year = {2013},
 isbn = {978-1-4503-2130-3},
 location = {Eugene, Oregon, USA},
 pages = {13--24},
 numpages = {12},
 url = {http://doi.acm.org/10.1145/2464996.2467268},
 doi = {10.1145/2464996.2467268},
 acmid = {2467268},
 publisher = {ACM},
 address = {New York, NY, USA},
 keywords = {dsl, multicore, simd, split tiling, stencils},
} 



%%%%%%%%%%%%%%%%%%%%%%%%%%%%%%
% OP2 STUFF				     %
%%%%%%%%%%%%%%%%%%%%%%%%%%%%%%

@article{op2-main,
title = "Design and initial performance of a high-level unstructured mesh framework on heterogeneous parallel systems ",
journal = "Parallel Computing ",
volume = "39",
number = "11",
pages = "669 - 692",
year = "2013",
issn = "0167-8191",
doi = "http://dx.doi.org/10.1016/j.parco.2013.09.004",
author = "G.R. Mudalige and M.B. Giles and J. Thiyagalingam and I.Z. Reguly and C. Bertolli and P.H.J. Kelly and A.E. Trefethen"
}
	
@article{volna,
	Author = {Denys Dutykh and Rapha{\"e}l Poncet and Fr{\'e}d{\'e}ric Dias},
	Doi = {10.1016/j.euromechflu.2011.05.005},
	Issn = {0997-7546},
	Journal = {European Journal of Mechanics - B/Fluids},
	Keywords = {Finite volumes},
	Note = {Special Issue: Nearshore Hydrodynamics},
	Number = {6},
	Pages = {598 - 615},
	Title = {The {VOLNA} code for the numerical modeling of tsunami waves: Generation, propagation and inundation},
	Url = {http://www.sciencedirect.com/science/article/pii/S0997754611000574},
	Volume = {30},
	Year = {2011},
	Bdsk-Url-1 = {http://www.sciencedirect.com/science/article/pii/S0997754611000574}}

@inproceedings{lizst,
 author = {DeVito, Zachary and Joubert, Niels and Palacios, Francisco and Oakley, Stephen and Medina, Montserrat and Barrientos, Mike and Elsen, Erich and Ham, Frank and Aiken, Alex and Duraisamy, Karthik and Darve, Eric and Alonso, Juan and Hanrahan, Pat},
 title = {Liszt: A Domain Specific Language for Building Portable Mesh-based PDE Solvers},
 booktitle = {Proceedings of 2011 International Conference for High Performance Computing, Networking, Storage and Analysis},
 series = {SC '11},
 year = {2011},
 isbn = {978-1-4503-0771-0},
 location = {Seattle, Washington},
 pages = {9:1--9:12},
 articleno = {9},
 numpages = {12},
 url = {http://doi.acm.org/10.1145/2063384.2063396},
 doi = {10.1145/2063384.2063396},
 acmid = {2063396},
 publisher = {ACM},
 address = {New York, NY, USA},
 keywords = {compiler analysis and program transformations, programming and runtime environments for high performance and high throughput computing},
} 

%%%%%%%%%%%%%%%%%%%%%%%%%%%%%%
% RELATED WORK VECTORISATION %
%%%%%%%%%%%%%%%%%%%%%%%%%%%%%%

@inproceedings{cg1,
 author = {McFarlin, Daniel S. and Arbatov, Volodymyr and Franchetti, Franz and P\"{u}schel, Markus},
 title = {Automatic SIMD vectorization of fast fourier transforms for the larrabee and AVX instruction sets},
 booktitle = {Proceedings of the international conference on Supercomputing},
 series = {ICS '11},
 year = {2011},
 isbn = {978-1-4503-0102-2},
 location = {Tucson, Arizona, USA},
 pages = {265--274},
 numpages = {10},
 url = {http://doi.acm.org/10.1145/1995896.1995938},
 doi = {10.1145/1995896.1995938},
 acmid = {1995938},
 publisher = {ACM},
 address = {New York, NY, USA},
 keywords = {autovectorization, fourier transform, program generation, simd, super-optimization},
} 

@inproceedings{cg2,
 author = {Franchetti, Franz and P\"{u}schel, Markus},
 title = {A SIMD Vectorizing Compiler for Digital Signal Processing Algorithms},
 booktitle = {Proceedings of the 16th International Parallel and Distributed Processing Symposium},
 series = {IPDPS '02},
 year = {2002},
 isbn = {0-7695-1573-8},
 pages = {42--},
 url = {http://dl.acm.org/citation.cfm?id=645610.661727},
 acmid = {661727},
 publisher = {IEEE Computer Society},
 address = {Washington, DC, USA},
} 

@inproceedings{modeldriven,
 author = {Stock, Kevin and Henretty, Tom and Murugandi, Iyyappa and Sadayappan, P. and Harrison, Robert},
 title = {Model-Driven SIMD Code Generation for a Multi-resolution Tensor Kernel},
 booktitle = {Proceedings of the 2011 IEEE International Parallel \& Distributed Processing Symposium},
 series = {IPDPS '11},
 year = {2011},
 isbn = {978-0-7695-4385-7},
 pages = {1058--1067},
 numpages = {10},
 url = {http://dx.doi.org/10.1109/IPDPS.2011.101},
 doi = {10.1109/IPDPS.2011.101},
 acmid = {2059552},
 publisher = {IEEE Computer Society},
 address = {Washington, DC, USA},
}

@InProceedings{vector-tacc,
  author = 	 { Kevin Stock  and Louis-No{\"e}l Pouchet and P.~Sadayappan},
  title = 	 { Automatic Transformations for Effective Parallel Execution on Intel Many Integrated Core },
  booktitle = { TACC-Intel Highly Parallel Computing Symposium },
  address = { Austin, TX},
  month = 	 apr,
  year = 	 {2012}
}

@inproceedings{irregular,
 author = {Kim, Seonggun and Han, Hwansoo},
 title = {Efficient SIMD code generation for irregular kernels},
 booktitle = {Proceedings of the 17th ACM SIGPLAN symposium on Principles and Practice of Parallel Programming},
 series = {PPoPP '12},
 year = {2012},
 isbn = {978-1-4503-1160-1},
 location = {New Orleans, Louisiana, USA},
 pages = {55--64},
 numpages = {10},
 url = {http://doi.acm.org/10.1145/2145816.2145824},
 doi = {10.1145/2145816.2145824},
 acmid = {2145824},
 publisher = {ACM},
 address = {New York, NY, USA},
 keywords = {DFG-based vectorization, SIMD processors, irregular kernels},
}
 
@inproceedings{REGTILE1,
 author = {Renganarayana, Lakshminarayanan and Bondhugula, Uday and Derisavi, Salem and Eichenberger, Alexandre E. and O'Brien, Kevin},
 title = {Compact multi-dimensional kernel extraction for register tiling},
 booktitle = {Proceedings of the Conference on High Performance Computing Networking, Storage and Analysis},
 series = {SC '09},
 year = {2009},
 isbn = {978-1-60558-744-8},
 location = {Portland, Oregon},
 pages = {45:1--45:12},
 articleno = {45},
 numpages = {12},
 url = {http://doi.acm.org/10.1145/1654059.1654105},
 doi = {10.1145/1654059.1654105},
 acmid = {1654105},
 publisher = {ACM},
 address = {New York, NY, USA},
}

@misc{VECTORTILE,
	Author = {Berna Juan, Alejandro and Jiménez Castells, Marta and Llaberia Grinó, José M},
	Organization = {Universitat de Catalunya, Department d'Arquitectura de Computadors},
	Title = {{Source code transformations for efficient SIMD code generation}},
	Year = {2012}}

@inproceedings{Rossinelli2013,
 author = {Rossinelli, Diego and Hejazialhosseini, Babak and Hadjidoukas, Panagiotis and Bekas, Costas and Curioni, Alessandro and Bertsch, Adam and Futral, Scott and Schmidt, Steffen J. and Adams, Nikolaus A. and Koumoutsakos, Petros},
 title = {11 PFLOP/s Simulations of Cloud Cavitation Collapse},
 booktitle = {Proceedings of the International Conference on High Performance Computing, Networking, Storage and Analysis},
 series = {SC '13},
 year = {2013},
 isbn = {978-1-4503-2378-9},
 location = {Denver, Colorado},
 pages = {3:1--3:13},
 articleno = {3},
 numpages = {13},
 url = {http://doi.acm.org/10.1145/2503210.2504565},
 doi = {10.1145/2503210.2504565},
 acmid = {2504565},
 publisher = {ACM},
 address = {New York, NY, USA},
} 
