@article{quadrature1,
 author = {Olgaard, Kristian B. and Wells, Garth N.},
 title = {Optimizations for quadrature representations of finite element tensors through automated code generation},
 journal = {ACM Trans. Math. Softw.},
 issue_date = {January 2010},
 volume = {37},
 number = {1},
 month = jan,
 year = {2010},
 issn = {0098-3500},
 pages = {8:1--8:23},
 articleno = {8},
 numpages = {23},
 url = {http://doi.acm.org/10.1145/1644001.1644009},
 doi = {10.1145/1644001.1644009},
 acmid = {1644009},
 publisher = {ACM},
 address = {New York, NY, USA},
 keywords = {Finite element method, code generation}
} 

@inproceedings{pyop2ics,
  title = {Performance portable finite element assembly using {PyOP2} and
{FEniCS}},
  author = {G.~R. Markall and F. Rathgeber and L. Mitchell and N. Loriant and
C. Bertolli and D.~A. Ham and P.~H.~J.~ Kelly},
  booktitle = {Proceedings of the International Supercomputing Conference (ISC) '13},
  volume = {7905},
  series = {Lecture Notes in Computer Science},
  month = {June},
  year = {2013},
  note = {In press}
}

@inproceedings{pyop2ws,
	title = {{PyOP2:} A High-Level Framework for Performance-Portable Simulations on Unstructured Meshes},
	isbn = {978-1-4673-6218-4},
	shorttitle = {{PyOP2}},
	doi = {10.1109/SC.Companion.2012.134},
	booktitle = {High Performance Computing, Networking, Storage and Analysis ({SCC)}, 2012 {SC} Companion:},
	author = {Rathgeber, Florian and Markall, Graham R. and Mitchell, Lawrence and Loriant, Nicolas and Ham, David A. and Bertolli, Carlo and Kelly, Paul {H.J.}},
	year = {2012},
	keywords = {code generation, domain-specific languages, finite-element methods, generative metaprogramming, high-level frameworks, just-in-time compilation, performance portability},
	pages = {1116--1123}
}

@inproceedings{nek5000,
 author = {Shin, Jaewook and Hall, Mary W. and Chame, Jacqueline and Chen, Chun and Fischer, Paul F. and Hovland, Paul D.},
 title = {Speeding Up Nek5000 with Autotuning and Specialization},
 booktitle = {Proceedings of the 24th ACM International Conference on Supercomputing},
 series = {ICS '10},
 year = {2010},
 isbn = {978-1-4503-0018-6},
 location = {Tsukuba, Ibaraki, Japan},
 pages = {253--262},
 numpages = {10},
 url = {http://doi.acm.org/10.1145/1810085.1810120},
 doi = {10.1145/1810085.1810120},
 acmid = {1810120},
 publisher = {ACM},
 address = {New York, NY, USA},
 keywords = {autotuning, empirical performance tuning, specialization},
} 

@Article{Francis,
  author =       "Francis P. Russell and Paul H. J. Kelly",
  title =        "Optimized Code Generation for Finite Element
                  Local Assembly Using Symbolic Manipulation",
  journal =      "{ACM} Transactions on Mathematical Software",
  volume =       "39",
  number =       "4",
  accepted =     "28 February 2013",
  upcoming =     "true", 
}

@article{FEM3,
   title={PyOP2: A High-Level Framework for Performance Portable Simulations on Unstructured Meshes},
   author={Florian Rathgeber},
   year={2012}
}

@book{Fenics,
  title = {Automated Solution of Differential Equations by the Finite Element Method},
  author = {Anders Logg and Kent-Andre Mardal and Garth N. Wells and others},
  year = {2012},
  publisher = {Springer},
  doi = {10.1007/978-3-642-23099-8},
  isbn = {978-3-642-23098-1}
}

@article{OP2Tiling,
   title={An Analytical Study of Loop Tiling for a Large-scale Unstructured Mesh Application},
   author={Mike B. Giles, Gihan R. Mudalige, Carlo Bertolli and Paul H.J. Kelly},
   year={2012}
}

@ONLINE{firedrake-code,
title = {The Firedrake Project},
year = {2014},
url = {http://www.firedrakeproject.org}
}

@ONLINE{GITHUB,
title = {GitHub repository of Sparse Tiling framework},
year = {2013},
url = {https://github.com/OP2/OP2-Common/tree/sparse-tiling}
}

@ONLINE{bzr-ffc,
title = {Bazaar repository of vector-register tiling framework},
year = {2013},
url = {https://code.launchpad.net/~f-luporini12/ffc/vector-ext}
}

@article{op2-lcpc,
   title={Compiler Optimizations for Industrial Unstructured Mesh CFD Applications on GPUs},
   author={Bertolli, C. and Betts, A. and Loriant, N. and Mudalige, GR and Radford, D. and Giles, MB and Kelly, PHJ},
   year={2012}
}

@inproceedings{LOOPFUSION,
 author = {Bertolli, Carlo and Betts, Adam and Kelly, Paul H.J. and Mudalige, Gihan R. and Giles, Mike B.},
 title = {Mesh independent loop fusion for unstructured mesh applications},
 booktitle = {Proceedings of the 9th conference on Computing Frontiers},
 series = {CF '12},
 year = {2012},
 isbn = {978-1-4503-1215-8},
 location = {Cagliari, Italy},
 pages = {43--52},
 numpages = {10},
 url = {http://doi.acm.org/10.1145/2212908.2212917},
 doi = {10.1145/2212908.2212917},
 acmid = {2212917},
 publisher = {ACM},
 address = {New York, NY, USA},
 keywords = {compilers, loop fusion, unstructured mesh applications, whole program control flow analysis}
} 


%%%%%%%%%%%%%%%%%%%%%%%%%%%%%%
% OP2 STUFF				     %
%%%%%%%%%%%%%%%%%%%%%%%%%%%%%%

@incollection{op2-base,
	Author = {Bertolli, Carlo and Betts, Adam and Mudalige, Gihan and Giles, Mike and Kelly, Paul},
	Booktitle = {Euro-Par 2011: Parallel Processing Workshops},
	Date-Added = {2013-03-26 04:10:04 +0000},
	Date-Modified = {2013-03-26 04:10:04 +0000},
	Pages = {191-200},
	Publisher = {Springer},
	Series = {Lecture Notes in Computer Science},
	Title = {Design and Performance of the OP2 Library for Unstructured Mesh Applications},
	Volume = {7155},
	Year = {2012}}
	
@article{volna,
	Author = {Denys Dutykh and Rapha{\"e}l Poncet and Fr{\'e}d{\'e}ric Dias},
	Doi = {10.1016/j.euromechflu.2011.05.005},
	Issn = {0997-7546},
	Journal = {European Journal of Mechanics - B/Fluids},
	Keywords = {Finite volumes},
	Note = {Special Issue: Nearshore Hydrodynamics},
	Number = {6},
	Pages = {598 - 615},
	Title = {The {VOLNA} code for the numerical modeling of tsunami waves: Generation, propagation and inundation},
	Url = {http://www.sciencedirect.com/science/article/pii/S0997754611000574},
	Volume = {30},
	Year = {2011},
	Bdsk-Url-1 = {http://www.sciencedirect.com/science/article/pii/S0997754611000574}}

@inproceedings{lizst,
 author = {DeVito, Zachary and Joubert, Niels and Palacios, Francisco and Oakley, Stephen and Medina, Montserrat and Barrientos, Mike and Elsen, Erich and Ham, Frank and Aiken, Alex and Duraisamy, Karthik and Darve, Eric and Alonso, Juan and Hanrahan, Pat},
 title = {Liszt: A Domain Specific Language for Building Portable Mesh-based PDE Solvers},
 booktitle = {Proceedings of 2011 International Conference for High Performance Computing, Networking, Storage and Analysis},
 series = {SC '11},
 year = {2011},
 isbn = {978-1-4503-0771-0},
 location = {Seattle, Washington},
 pages = {9:1--9:12},
 articleno = {9},
 numpages = {12},
 url = {http://doi.acm.org/10.1145/2063384.2063396},
 doi = {10.1145/2063384.2063396},
 acmid = {2063396},
 publisher = {ACM},
 address = {New York, NY, USA},
 keywords = {compiler analysis and program transformations, programming and runtime environments for high performance and high throughput computing},
} 

%%%%%%%%%%%%%%%%%%%%%%%%%%%%%%
% RELATED WORK VECTORISATION %
%%%%%%%%%%%%%%%%%%%%%%%%%%%%%%

@inproceedings{cg1,
 author = {McFarlin, Daniel S. and Arbatov, Volodymyr and Franchetti, Franz and P\"{u}schel, Markus},
 title = {Automatic SIMD vectorization of fast fourier transforms for the larrabee and AVX instruction sets},
 booktitle = {Proceedings of the international conference on Supercomputing},
 series = {ICS '11},
 year = {2011},
 isbn = {978-1-4503-0102-2},
 location = {Tucson, Arizona, USA},
 pages = {265--274},
 numpages = {10},
 url = {http://doi.acm.org/10.1145/1995896.1995938},
 doi = {10.1145/1995896.1995938},
 acmid = {1995938},
 publisher = {ACM},
 address = {New York, NY, USA},
 keywords = {autovectorization, fourier transform, program generation, simd, super-optimization},
} 

@inproceedings{cg2,
 author = {Franchetti, Franz and P\"{u}schel, Markus},
 title = {A SIMD Vectorizing Compiler for Digital Signal Processing Algorithms},
 booktitle = {Proceedings of the 16th International Parallel and Distributed Processing Symposium},
 series = {IPDPS '02},
 year = {2002},
 isbn = {0-7695-1573-8},
 pages = {42--},
 url = {http://dl.acm.org/citation.cfm?id=645610.661727},
 acmid = {661727},
 publisher = {IEEE Computer Society},
 address = {Washington, DC, USA},
} 

@inproceedings{modeldriven,
 author = {Stock, Kevin and Henretty, Tom and Murugandi, Iyyappa and Sadayappan, P. and Harrison, Robert},
 title = {Model-Driven SIMD Code Generation for a Multi-resolution Tensor Kernel},
 booktitle = {Proceedings of the 2011 IEEE International Parallel \& Distributed Processing Symposium},
 series = {IPDPS '11},
 year = {2011},
 isbn = {978-0-7695-4385-7},
 pages = {1058--1067},
 numpages = {10},
 url = {http://dx.doi.org/10.1109/IPDPS.2011.101},
 doi = {10.1109/IPDPS.2011.101},
 acmid = {2059552},
 publisher = {IEEE Computer Society},
 address = {Washington, DC, USA},
}

@InProceedings{vector-tacc,
  author = 	 { Kevin Stock  and Louis-No{\"e}l Pouchet and P.~Sadayappan},
  title = 	 { Automatic Transformations for Effective Parallel Execution on Intel Many Integrated Core },
  booktitle = { TACC-Intel Highly Parallel Computing Symposium },
  address = { Austin, TX},
  month = 	 apr,
  year = 	 {2012}
}

@inproceedings{irregular,
 author = {Kim, Seonggun and Han, Hwansoo},
 title = {Efficient SIMD code generation for irregular kernels},
 booktitle = {Proceedings of the 17th ACM SIGPLAN symposium on Principles and Practice of Parallel Programming},
 series = {PPoPP '12},
 year = {2012},
 isbn = {978-1-4503-1160-1},
 location = {New Orleans, Louisiana, USA},
 pages = {55--64},
 numpages = {10},
 url = {http://doi.acm.org/10.1145/2145816.2145824},
 doi = {10.1145/2145816.2145824},
 acmid = {2145824},
 publisher = {ACM},
 address = {New York, NY, USA},
 keywords = {DFG-based vectorization, SIMD processors, irregular kernels},
}
 
@inproceedings{REGTILE1,
 author = {Renganarayana, Lakshminarayanan and Bondhugula, Uday and Derisavi, Salem and Eichenberger, Alexandre E. and O'Brien, Kevin},
 title = {Compact multi-dimensional kernel extraction for register tiling},
 booktitle = {Proceedings of the Conference on High Performance Computing Networking, Storage and Analysis},
 series = {SC '09},
 year = {2009},
 isbn = {978-1-60558-744-8},
 location = {Portland, Oregon},
 pages = {45:1--45:12},
 articleno = {45},
 numpages = {12},
 url = {http://doi.acm.org/10.1145/1654059.1654105},
 doi = {10.1145/1654059.1654105},
 acmid = {1654105},
 publisher = {ACM},
 address = {New York, NY, USA},
}

@misc{VECTORTILE,
	Author = {Berna Juan, Alejandro and Jiménez Castells, Marta and Llaberia Grinó, José M},
	Organization = {Universitat de Catalunya, Department d'Arquitectura de Computadors},
	Title = {{Source code transformations for efficient SIMD code generation}},
	Year = {2012}}

